@article{TruckDispatchingProblem,
 author = {G. B. Dantzig, J. H. Ramser},
 title = {The Truck Dispatching Problem},
 journal = {Management Science},
 year = {1959},
 volume = {6},
 number = {1},
 pages = {80--91},
}

@article{ImplementingVRAlgorithms,
 author = {B. L. Golden, T. L. Magnanti, H. Q. Nguyen},
 title = {Implementing Vehicle Routing Algorithms},
 journal = {Networks},
 year = {1977},
 volume = {7},
 number = {2},
 pages = {113--148},
}

@article{SolvingAFamilyOfMultiDepot,
 author = {G. Laporte, Y. Nobert, S. Taillefer},
 title = {Solving a Family of Multi-Depot Vehicle Routing and Location-Routing Problems},
 journal = {Transportation Science},
 year = {1988},
 volume = {22},
 number = {3},
 pages = {161--172},
}

@article{MultiDepotVehicleRouting,
 author = {J.O. Cerdeira},
 title = {On the Multi-Depot Vehicle Routing Problem},
 journal = {Operations Research ’91},
 year = {1992},
 pages = {144--147},
}

@article{TabuSearchHeuristic,
 author = {J. Renaud, G. Laporte, F.F. Boctor},
 title = {A Tabu Search Heuristic for the Multi-Mepot Vehicle Routing Problem},
 journal = {Computers \& Operations Research},
 year = {1996},
 volume = {23},
 number = {3},
 pages = {229--235},
}

@article{PetalHeuristic,
 author = {J. Renaud, G. Laporte, F.F. Boctor},
 title = {An improved petal heuristic for the vehicle routing problem},
 journal = {Journal of the Operational Research Society},
 year = {1996},
 volume = {47},
 number = {2},
 pages = {329--336},
}

@article{ComputerSolutions,
 author = {S. Lin},
 title = {Computer Solutions of the Traveling Salesman Problem},
 journal = {Bell System Technical Journal},
 year = {1965},
 volume = {44},
 number = {10},
 pages = {2245--2269},
}

@article{MDVRPTW,
 author = {I.D. Giosa, I.L. Tansini, I.O. Viera},
 title = {New assignment algorithms for the multi-depot vehicle routing problem},
 journal = {Journal of the Operational Research Society},
 year = {2002},
 volume = {53},
 number = {9},
 pages = {977--984},
}

@article{GeneticAlgorithms2009,
 author = {B. Ombuki-Berman, F.T. Hanshar},
 title = {Using Genetic Algorithms for Multi-depot Vehicle Routing},
 journal = {Studies in Computational Intelligence},
 year = {2009},
 volume = {161},
 pages = {77--99},
}

@article{ValidationOfSubgradient,
 author = {P. Wolfe, H.P. Crowder},
 title = {Validation of Subgradient Optimization},
 journal = {Mathematical Programming},
 year = {1974},
 volume = {6},
 pages = {62--88},
}

@article{MathematicalModel,
 author = {T.R.P. Ramos, M.I. Gomes, A.P.B. Póvoa },
 title = {Multi-depot vehicle routing problem: a comparative study of alternative formulations},
 journal = {International Journal of Logistics Research and Applications},
 year = {2020},
 volume = {23},
 number = {2},
 pages = {103--120},
}